<?xml version="1.0" encoding="UTF-8" ?><Document xmlns="urn:iso:std:iso:20022:tech:xsd:camt.053.001.02"><BkToCstmrStmt><GrpHdr><MsgId>1PSS-24816</MsgId><CreDtTm>2024-07-31T18:04:27.128</CreDtTm><MsgPgntn><PgNb>1</PgNb><LastPgInd>true</LastPgInd></MsgPgntn></GrpHdr>
<Stmt><Id>06031B12407-1713</Id><ElctrncSeqNb>000000048</ElctrncSeqNb><CreDtTm>2024-07-31T18:04:27.128</CreDtTm><FrToDt><FrDtTm>2024-07-31T00:00:00.000+07:00</FrDtTm><ToDtTm>2024-07-31T23:59:59.000+07:00</ToDtTm></FrToDt><Acct><Id><Othr><Id>06031B02408-1001</Id></Othr></Id><Ccy>VND</Ccy><Svcr><FinInstnId><BIC>HSBCVNVX</BIC></FinInstnId></Svcr></Acct><Bal><Tp><CdOrPrtry><Cd>OPAV</Cd></CdOrPrtry></Tp><CdtLine><Incl>false</Incl></CdtLine><Amt Ccy="VND">0</Amt><CdtDbtInd>CRDT</CdtDbtInd><Dt><Dt>2024-07-31</Dt></Dt></Bal><Bal><Tp><CdOrPrtry><Cd>OPBD</Cd></CdOrPrtry></Tp><Amt Ccy="VND">0</Amt><CdtDbtInd>CRDT</CdtDbtInd><Dt><Dt>2024-07-31</Dt></Dt></Bal><Bal><Tp><CdOrPrtry><Cd>CLBD</Cd></CdOrPrtry></Tp><Amt Ccy="VND">0</Amt><CdtDbtInd>CRDT</CdtDbtInd><Dt><Dt>2024-07-31</Dt></Dt></Bal><Bal><Tp><CdOrPrtry><Cd>CLAV</Cd></CdOrPrtry></Tp><CdtLine><Incl>false</Incl></CdtLine><Amt Ccy="VND">0</Amt><CdtDbtInd>CRDT</CdtDbtInd><Dt><Dt>2020-11-12</Dt></Dt></Bal><TxsSummry><TtlCdtNtries><NbOfNtries>4</NbOfNtries><Sum>1800656052</Sum></TtlCdtNtries><TtlDbtNtries><NbOfNtries>1</NbOfNtries><Sum>1800656052</Sum></TtlDbtNtries></TxsSummry>
<Ntry><NtryRef>VLP110620003224</NtryRef><Amt Ccy="VND">13287600</Amt><CdtDbtInd>CRDT</CdtDbtInd><RvslInd>false</RvslInd><Sts>BOOK</Sts><BookgDt><Dt>2024-07-31</Dt></BookgDt><ValDt><Dt>2024-07-31</Dt></ValDt><AcctSvcrRef>VLP110620003224</AcctSvcrRef><BkTxCd><Domn><Cd>PMNT</Cd><Fmly><Cd>RCDT</Cd><SubFmlyCd>AUTT</SubFmlyCd></Fmly></Domn><Prtry><Cd>S103</Cd><Issr>SWIFT</Issr></Prtry></BkTxCd><NtryDtls>
<TxDtls><Refs><AcctSvcrRef>VLP110620003224</AcctSvcrRef><EndToEndId>06031B02407-1079</EndToEndId></Refs><RltdPties><Dbtr><Nm>CONG TY TNHH THANH TRONG</Nm><PstlAdr><AdrLine>.</AdrLine></PstlAdr></Dbtr><Cdtr><Nm>CN CTTNHH DD 3A (VN) TAI TP.DA NANG</Nm><PstlAdr><AdrLine>LO SO 4, DUONG SO 5,KCN DA NANG</AdrLine><AdrLine>P.AN HAI BAC, Q.SON TRA</AdrLine><AdrLine>TP.DA NANG, VIET NAM</AdrLine></PstlAdr></Cdtr></RltdPties><RltdAgts><DbtrAgt><FinInstnId><Nm>STATE BANK OF VIETNAM</Nm><PstlAdr><AdrLine>E-BANK PROCESSING DEPT</AdrLine><AdrLine>HANOI</AdrLine><AdrLine>VIETNAM</AdrLine></PstlAdr></FinInstnId></DbtrAgt></RltdAgts><RmtInf><Ustrd>TC:001733.CONG TY TNHH THANH TRONG</Ustrd><Ustrd>CHYEN TRA TIEN SUA ABBOTT DINH DUON</Ustrd><Ustrd>G 3A</Ustrd></RmtInf></TxDtls></NtryDtls><AddtlNtryInf>CONG TY TNHH THANH TRONG&#13;TFR+&#13;TC:001733.CONG TY TNHH THANH TRONG CHYEN TRA TIEN SUA ABBOTT DINH&#13;DUON G 3A CHARGE WAIVED</AddtlNtryInf></Ntry>
<Ntry><NtryRef>VLP110620003225</NtryRef><Amt Ccy="VND">450656052</Amt><CdtDbtInd>CRDT</CdtDbtInd><RvslInd>false</RvslInd><Sts>BOOK</Sts><BookgDt><Dt>2024-07-31</Dt></BookgDt><ValDt><Dt>2024-07-31</Dt></ValDt><AcctSvcrRef>VLP110620003225</AcctSvcrRef><BkTxCd><Domn><Cd>PMNT</Cd><Fmly><Cd>RCDT</Cd><SubFmlyCd>AUTT</SubFmlyCd></Fmly></Domn><Prtry><Cd>S103</Cd><Issr>SWIFT</Issr></Prtry></BkTxCd><NtryDtls>
<TxDtls><Refs><AcctSvcrRef>VLP110620003225</AcctSvcrRef><EndToEndId>06031B02407-1080</EndToEndId></Refs><RltdPties><Dbtr><Nm>CONG TY TNHH THANH TRONG</Nm><PstlAdr><AdrLine>.</AdrLine></PstlAdr></Dbtr><Cdtr><Nm>CN CTTNHH DD 3A (VN) TAI TP.DA NANG</Nm><PstlAdr><AdrLine>LO SO 4, DUONG SO 5,KCN DA NANG</AdrLine><AdrLine>P.AN HAI BAC, Q.SON TRA</AdrLine><AdrLine>TP.DA NANG, VIET NAM</AdrLine></PstlAdr></Cdtr></RltdPties><RltdAgts><DbtrAgt><FinInstnId><Nm>STATE BANK OF VIETNAM</Nm><PstlAdr><AdrLine>E-BANK PROCESSING DEPT</AdrLine><AdrLine>HANOI</AdrLine><AdrLine>VIETNAM</AdrLine></PstlAdr></FinInstnId></DbtrAgt></RltdAgts><RmtInf><Ustrd>TC:001730.CONG TY TNHH THANH TRONG</Ustrd><Ustrd>CHUYEN TRA TIEN SUA ABBOTT DINH DUO</Ustrd><Ustrd>NG 3A</Ustrd></RmtInf></TxDtls></NtryDtls><AddtlNtryInf>CONG TY TNHH THANH TRONG&#13;TFR+&#13;TC:001730.CONG TY TNHH THANH TRONG CHUYEN TRA TIEN SUA ABBOTT DIN&#13;H DUO NG 3A CHARGE WAIVED</AddtlNtryInf></Ntry>
<Ntry><NtryRef>VLP110620003224</NtryRef><Amt Ccy="VND">13287600</Amt><CdtDbtInd>CRDT</CdtDbtInd><RvslInd>false</RvslInd><Sts>BOOK</Sts><BookgDt><Dt>2024-07-31</Dt></BookgDt><ValDt><Dt>2024-07-31</Dt></ValDt><AcctSvcrRef>VLP110620003224</AcctSvcrRef><BkTxCd><Domn><Cd>PMNT</Cd><Fmly><Cd>RCDT</Cd><SubFmlyCd>AUTT</SubFmlyCd></Fmly></Domn><Prtry><Cd>S103</Cd><Issr>SWIFT</Issr></Prtry></BkTxCd><NtryDtls>
<TxDtls><Refs><AcctSvcrRef>VLP110620003224</AcctSvcrRef><EndToEndId>06031B02407-1084</EndToEndId></Refs><RltdPties><Dbtr><Nm>CONG TY TNHH THANH TRONG</Nm><PstlAdr><AdrLine>.</AdrLine></PstlAdr></Dbtr><Cdtr><Nm>CN CTTNHH DD 3A (VN) TAI TP.DA NANG</Nm><PstlAdr><AdrLine>LO SO 4, DUONG SO 5,KCN DA NANG</AdrLine><AdrLine>P.AN HAI BAC, Q.SON TRA</AdrLine><AdrLine>TP.DA NANG, VIET NAM</AdrLine></PstlAdr></Cdtr></RltdPties><RltdAgts><DbtrAgt><FinInstnId><Nm>STATE BANK OF VIETNAM</Nm><PstlAdr><AdrLine>E-BANK PROCESSING DEPT</AdrLine><AdrLine>HANOI</AdrLine><AdrLine>VIETNAM</AdrLine></PstlAdr></FinInstnId></DbtrAgt></RltdAgts><RmtInf><Ustrd>TC:001733.CONG TY TNHH THANH TRONG</Ustrd><Ustrd>CHYEN TRA TIEN SUA ABBOTT DINH DUON</Ustrd><Ustrd>G 3A</Ustrd></RmtInf></TxDtls></NtryDtls><AddtlNtryInf>CONG TY TNHH THANH TRONG&#13;TFR+&#13;TC:001733.CONG TY TNHH THANH TRONG CHYEN TRA TIEN SUA ABBOTT DINH&#13;DUON G 3A CHARGE WAIVED</AddtlNtryInf></Ntry>
<Ntry><NtryRef>VLP110620003225</NtryRef><Amt Ccy="VND">450656052</Amt><CdtDbtInd>CRDT</CdtDbtInd><RvslInd>false</RvslInd><Sts>BOOK</Sts><BookgDt><Dt>2024-07-31</Dt></BookgDt><ValDt><Dt>2024-07-31</Dt></ValDt><AcctSvcrRef>VLP110620003225</AcctSvcrRef><BkTxCd><Domn><Cd>PMNT</Cd><Fmly><Cd>RCDT</Cd><SubFmlyCd>AUTT</SubFmlyCd></Fmly></Domn><Prtry><Cd>S103</Cd><Issr>SWIFT</Issr></Prtry></BkTxCd><NtryDtls>
<TxDtls><Refs><AcctSvcrRef>VLP110620003225</AcctSvcrRef><EndToEndId>06031B02407-1085</EndToEndId></Refs><RltdPties><Dbtr><Nm>CONG TY TNHH THANH TRONG</Nm><PstlAdr><AdrLine>.</AdrLine></PstlAdr></Dbtr><Cdtr><Nm>CN CTTNHH DD 3A (VN) TAI TP.DA NANG</Nm><PstlAdr><AdrLine>LO SO 4, DUONG SO 5,KCN DA NANG</AdrLine><AdrLine>P.AN HAI BAC, Q.SON TRA</AdrLine><AdrLine>TP.DA NANG, VIET NAM</AdrLine></PstlAdr></Cdtr></RltdPties><RltdAgts><DbtrAgt><FinInstnId><Nm>STATE BANK OF VIETNAM</Nm><PstlAdr><AdrLine>E-BANK PROCESSING DEPT</AdrLine><AdrLine>HANOI</AdrLine><AdrLine>VIETNAM</AdrLine></PstlAdr></FinInstnId></DbtrAgt></RltdAgts><RmtInf><Ustrd>TC:001730.CONG TY TNHH THANH TRONG</Ustrd><Ustrd>CHUYEN TRA TIEN SUA ABBOTT DINH DUO</Ustrd><Ustrd>NG 3A</Ustrd></RmtInf></TxDtls></NtryDtls><AddtlNtryInf>CONG TY TNHH THANH TRONG&#13;TFR+&#13;TC:001730.CONG TY TNHH THANH TRONG CHUYEN TRA TIEN SUA ABBOTT DIN&#13;H DUO NG 3A CHARGE WAIVED</AddtlNtryInf></Ntry>
</Stmt></BkToCstmrStmt></Document>
